<?xml version="1.0" encoding="utf-8"?>
<record xmlns="http://www.loc.gov/MARC21/slim" xmlns:xsi="http://www.w3.org/2001/XMLSchema-instance" xsi:schemaLocation="http://www.loc.gov/MARC21/slim http://www.loc.gov/standards/marcxml/schema/MARC21slim.xsd">
	<leader>     nam a22        4500</leader>
	<controlfield tag="001">b12548091</controlfield>
	<controlfield tag="003">LeBAU</controlfield>
	<controlfield tag="006">m        d        </controlfield>
	<controlfield tag="007">cr cn |||m|||a</controlfield>
	<controlfield tag="008">170926m19111914ua ac   ob    ||0 0 ara d</controlfield>
	<datafield ind1=" " ind2=" " tag="040">
		<subfield code="a">NNU</subfield>
		<subfield code="b">ara</subfield>
		<subfield code="e">rda</subfield>
		<subfield code="c">NNU</subfield>
	</datafield>
	<datafield ind1="0" ind2="4" tag="082">
		<subfield code="a">892.709</subfield>
		<subfield code="2">22</subfield>
	</datafield>
	<datafield ind1="1" ind2=" " tag="100">
		<subfield code="6">880-01</subfield>
		<subfield code="a">Zaydān, Jirjī,</subfield>
		<subfield code="d">1861-1914,</subfield>
		<subfield code="e">author.</subfield>
	</datafield>
	<datafield ind1="1" ind2="0" tag="245">
		<subfield code="6">880-02</subfield>
		<subfield code="a">Kitāb Tārīkh ādāb al-lughah al-‘Arabīyah :</subfield>
		<subfield code="b">yashtamilu ‘alá tārīkh al-lughah al-‘Arabīyah wa-‘ulūmihā wa-mā ḥawathu min al-‘ulūm wa-al-ādāb ‘alá ikhtilāf mawāḍī‘ihā wa-tarājim al-‘ulamā’ wa-al-udabā’ wa-al-shu‘arā’ wa-sā’ir arbāb al-qarā’iḥ wa-waṣf mu’allafātihim wa-amākin wujūdihā aw ṭab‘ihā min aqdam azminat al-tārīkh ilá al-ān /</subfield>
		<subfield code="c">ta’līf Jirjī Zaydān, munshi’ al-Hilāl.</subfield>
	</datafield>
	<datafield ind1="3" ind2="0" tag="246">
		<subfield code="a">تاريخ آداب اللغة العربية</subfield>
	</datafield>
	<datafield ind1=" " ind2="1" tag="264">
		<subfield code="6">880-03</subfield>
		<subfield code="a">al-Fajjālah, Miṣr :</subfield>
		<subfield code="b">Maṭba‘at al-Hilāl,</subfield>
		<subfield code="c">1911-1914.</subfield>
	</datafield>
	<datafield ind1=" " ind2=" " tag="300">
		<subfield code="6">880-04</subfield>
		<subfield code="e">Index</subfield>
		<subfield code="a">online resource (4 volumes) :</subfield>
		<subfield code="b">illustrations, portraits</subfield>
	</datafield>
	<datafield ind1=" " ind2=" " tag="336">
		<subfield code="a">text</subfield>
		<subfield code="2">rdacontent</subfield>
	</datafield>
	<datafield ind1=" " ind2=" " tag="337">
		<subfield code="a">computer</subfield>
		<subfield code="2">rdamedia</subfield>
	</datafield>
	<datafield ind1=" " ind2=" " tag="338">
		<subfield code="a">online resource</subfield>
		<subfield code="2">rdacarrier</subfield>
	</datafield>
	<datafield ind1=" " ind2=" " tag="500">
		<subfield code="a">Part of the Arabic Collections Online (ACO) project, contributed by American University of Beirut's Jafet Memorial Library.</subfield>
	</datafield>
	<datafield ind1=" " ind2=" " tag="504">
		<subfield code="a">يتضمن مراجع ببليوغرافية (الجزء الأول، صفحات 7-8)</subfield>
	</datafield>
	<datafield ind1="0" ind2="0" tag="505">
		<subfield code="a">كتاب تاريخ آداب اللغة العربية: الجزء الأول. يحتوي على تاريخ آداب اللغة العربية في عصر الجاهلية وعصر الراشدين والعصر الأموي، أي من أقدم أزمنة التاريخ الى سنة 132 هـ -- الجزء الثاني. يحتوي على تاريخ آداب اللغة العربية في العصر العباسي من قيام الدولة العباسية سنة 132 هـ الى دخول السلاجقة بغداد سنة 447 هـ، ويدخل فيه تكون في العلوم الإسلامية ونقل العلوم الدخيلة الى نضج العلم في أواسط القرن الخامس للهجرة -- الجزء الثالث. يحتوي على تاريخ آداب اللغة العربية من دخول السلاجقة بغداد سنة 447 هـ الى دخول الفرنسويين مصر سنة 1213 هـ (1798 م) ودخل فيه ثمار القرائح والعقول في العصر العباسي الرابع والعصر المغولي والعصر العثماني. وهي أكثر عصور آداب اللغة نتاجاً وفيها ظهرت أهم المعاجم والموسوعات وأوسع كتب التاريخ والجغرافية واللغة مما تداوله الأيدي -- الجزء الرابع. يحتوي على تاريخ آداب اللغة العربية من دخول الفرنسويين مصر سنة 1231 (1798 م) الى هذه الأيام ----فهارس عامة. وهي ثلاثة: فهرس للموضوعات وفهرس للأعلام وفهرس لأسماء الكتب.</subfield>
	</datafield>
	<datafield ind1=" " ind2=" " tag="533">
		<subfield code="a">Electronic reproduction.</subfield>
		<subfield code="b">New York, N.Y. :</subfield>
		<subfield code="c">New York University,</subfield>
		<subfield code="d">2017.</subfield>
		<subfield code="5">NNU</subfield>
	</datafield>
	<datafield ind1=" " ind2="4" tag="650">
		<subfield code="a">الادب العربي</subfield>
		<subfield code="v">بيوببليوغرافيا.</subfield>
	</datafield>
	<datafield ind1=" " ind2="4" tag="650">
		<subfield code="a">الادب العربي</subfield>
		<subfield code="x">تاريخ ونقد.</subfield>
	</datafield>
	<datafield ind1=" " ind2="4" tag="650">
		<subfield code="a">الحضارة العربية.</subfield>
	</datafield>
	<datafield ind1=" " ind2="4" tag="650">
		<subfield code="a">المؤلفون العرب</subfield>
		<subfield code="v">تراجم.</subfield>
	</datafield>
	<datafield ind1=" " ind2="4" tag="650">
		<subfield code="a">الشعراء العرب</subfield>
		<subfield code="v">تراجم.</subfield>
	</datafield>
	<datafield ind1=" " ind2="0" tag="650">
		<subfield code="a">Arabic literature</subfield>
		<subfield code="v">Bio-bibliography.</subfield>
	</datafield>
	<datafield ind1=" " ind2="0" tag="650">
		<subfield code="a">Arabic literature</subfield>
		<subfield code="x">History and criticism.</subfield>
	</datafield>
	<datafield ind1=" " ind2="0" tag="650">
		<subfield code="a">Civilization, Arab.</subfield>
	</datafield>
	<datafield ind1=" " ind2="0" tag="650">
		<subfield code="a">Authors, Arab</subfield>
		<subfield code="x">Biography.</subfield>
	</datafield>
	<datafield ind1=" " ind2="0" tag="650">
		<subfield code="a">Poets, Arab</subfield>
		<subfield code="x">Biography.</subfield>
	</datafield>
	<datafield ind1="2" ind2=" " tag="710">
		<subfield code="a">Jafet Memorial Library.</subfield>
	</datafield>
	<datafield ind1="0" ind2=" " tag="730">
		<subfield code="a">Arabic Collections Online.</subfield>
	</datafield>
	<datafield ind1="0" ind2="8" tag="776">
		<subfield code="i">Print version:</subfield>
		<subfield code="a">Zaydān, Jirjī, 1861-1914, author.</subfield>
		<subfield code="t">Kitāb Tārīkh ādāb al-lughah al-‘Arabīyah</subfield>
		<subfield code="w">(LeBAU)b12548091</subfield>
	</datafield>
	<datafield ind1="4" ind2="0" tag="856">
		<subfield code="u">http://hdl.handle.net/2333.1/jsxkst84</subfield>
	</datafield>
	<datafield ind1="1" ind2=" " tag="880">
		<subfield code="6">100-01/(3/r</subfield>
		<subfield code="a">زيدان، جرجي،</subfield>
		<subfield code="d">1861-1914،</subfield>
		<subfield code="e">مؤلف. </subfield>
		<subfield code="4">aut.</subfield>
	</datafield>
	<datafield ind1="1" ind2="0" tag="880">
		<subfield code="6">245-02/(3/r</subfield>
		<subfield code="a">كتاب تاريخ آداب اللغة العربية :</subfield>
		<subfield code="b">يشتمل على تاريخ اللغة العربية وعلومها وما حوته من العلوم و الآداب على إختلاف مواضيعها وتراجم العلماء و الأدباء و الشعراء وسائر أرباب القرائح ووصف مؤلفاتهم وأماكن وجودها أو طبعها من أقدم أزمنة التاريخ الى الآن /</subfield>
		<subfield code="c">تأليف جرجي زيدان، منشىء الهلال.</subfield>
	</datafield>
	<datafield ind1=" " ind2="1" tag="880">
		<subfield code="6">264-03/(3/r</subfield>
		<subfield code="a">الفجالة، مصر :</subfield>
		<subfield code="b">مطبعة الهلال،</subfield>
		<subfield code="c">1911-1914.</subfield>
	</datafield>
	<datafield ind1=" " ind2=" " tag="880">
		<subfield code="6">300-04/(3/r</subfield>
		<subfield code="a">4 أجزاء :</subfield>
		<subfield code="b">مصورات، صور شخصانية ؛</subfield>
		<subfield code="c">24 سم +</subfield>
		<subfield code="e">فهرس</subfield>
	</datafield>
	<datafield ind1=" " ind2=" " tag="959">
		<subfield code="a">NNU</subfield>
		<subfield code="b">WEB</subfield>
		<subfield code="c">GENI</subfield>
		<subfield code="t">0</subfield>
		<subfield code="m">Electronic access</subfield>
		<subfield code="s">01</subfield>
	</datafield>
	<datafield ind1=" " ind2=" " tag="999">
		<subfield code="i">LeBAU_b12548091</subfield>
		<subfield code="s">aub_aco001299</subfield>
		<subfield code="s">aub_aco001300:v.1</subfield>
		<subfield code="s">aub_aco001301:v.2</subfield>
		<subfield code="s">aub_aco001302:v.3</subfield>
		<subfield code="s">aub_aco001303:v.4</subfield>
		<subfield code="e">(ERROR-880)(ERROR-MISC)</subfield>
	</datafield>
</record>
